<?xml version="1.0" encoding="UTF-8"?>
<collection xmlns:xsi="http://www.w3.org/2001/XMLSchema-instance" xsi:schemaLocation="http://www.loc.gov/MARC21/slim http://www.loc.gov/standards/marcxml/schema/MARC21slim.xsd" xmlns="http://www.loc.gov/MARC21/slim">
<record>
  <leader>01779cam a2200361Ma 4500</leader>
  <controlfield tag="001">2596269</controlfield>
  <controlfield tag="003">NNC</controlfield>
  <controlfield tag="005">20160118123303.0</controlfield>
  <controlfield tag="008">860718m19489999ua       bc   000 0 araod</controlfield>
  <datafield tag="019" ind1=" " ind2=" ">
    <subfield code="a">15528456</subfield>
  </datafield>
  <datafield tag="035" ind1=" " ind2=" ">
    <subfield code="9">AQT5838CU</subfield>
  </datafield>
  <datafield tag="035" ind1=" " ind2=" ">
    <subfield code="a">(OCoLC)ocm23499534</subfield>
  </datafield>
  <datafield tag="035" ind1=" " ind2=" ">
    <subfield code="a">(OCoLC)23499534</subfield>
    <subfield code="z">(OCoLC)15528456</subfield>
  </datafield>
  <datafield tag="035" ind1=" " ind2=" ">
    <subfield code="a">(NNC)2596269</subfield>
  </datafield>
  <datafield tag="040" ind1=" " ind2=" ">
    <subfield code="a">EYM</subfield>
    <subfield code="b">eng</subfield>
    <subfield code="c">EYM</subfield>
    <subfield code="d">WAU</subfield>
    <subfield code="d">OCL</subfield>
    <subfield code="d">OCLCQ</subfield>
    <subfield code="d">OCLCG</subfield>
    <subfield code="d">OCLCQ</subfield>
    <subfield code="d">OCLCF</subfield>
    <subfield code="d">OCLCQ</subfield>
    <subfield code="d">OCLCO</subfield>
  </datafield>
  <datafield tag="050" ind1=" " ind2="4">
    <subfield code="a">Z965</subfield>
    <subfield code="b">.C125</subfield>
  </datafield>
  <datafield tag="110" ind1="1" ind2=" ">
    <subfield code="a">Cairo (Egypt).</subfield>
    <subfield code="b">Dār al-Kutub al-Miṣrīyah.</subfield>
    <subfield code="b">al-Khizānah al-Taymūrīyah.</subfield>
  </datafield>
  <datafield tag="245" ind1="1" ind2="0">
    <subfield code="6">880-01</subfield>
    <subfield code="a">Fihris al-Khizānah al-Taymūrīyah /</subfield>
    <subfield code="c">[Dār al-Kutub al-Miṣrīyah. al-Khizānah al-Taymūrīyah].</subfield>
  </datafield>
  <datafield tag="260" ind1=" " ind2=" ">
    <subfield code="a">al-Qāhirah :</subfield>
    <subfield code="b">Maṭbaʻat Dār al-Kutub al-Miṣrīyah,</subfield>
    <subfield code="c">1948-</subfield>
  </datafield>
  <datafield tag="300" ind1=" " ind2=" ">
    <subfield code="a">volumes ;</subfield>
    <subfield code="c">25 cm</subfield>
  </datafield>
  <datafield tag="336" ind1=" " ind2=" ">
    <subfield code="a">text</subfield>
    <subfield code="b">txt</subfield>
    <subfield code="2">rdacontent</subfield>
  </datafield>
  <datafield tag="337" ind1=" " ind2=" ">
    <subfield code="a">unmediated</subfield>
    <subfield code="b">n</subfield>
    <subfield code="2">rdamedia</subfield>
  </datafield>
  <datafield tag="338" ind1=" " ind2=" ">
    <subfield code="a">volume</subfield>
    <subfield code="b">nc</subfield>
    <subfield code="2">rdacarrier</subfield>
  </datafield>
  <datafield tag="505" ind1="1" ind2=" ">
    <subfield code="a">v. 1. al-Tafsīr.- v. 2. al-Ḥadīth.- v. 3. Asmāʼ al-muʼallifīn.- v. 4. al-ʻAqāʼid wa-al-Uṣūl.</subfield>
  </datafield>
  <datafield tag="650" ind1=" " ind2="0">
    <subfield code="a">Arabic literature</subfield>
    <subfield code="v">Bibliography</subfield>
    <subfield code="v">Catalogs.</subfield>
  </datafield>
  <datafield tag="650" ind1=" " ind2="7">
    <subfield code="a">Arabic literature.</subfield>
    <subfield code="2">fast</subfield>
    <subfield code="0">(OCoLC)fst00812478</subfield>
  </datafield>
  <datafield tag="655" ind1=" " ind2="7">
    <subfield code="a">Bibliography</subfield>
    <subfield code="v">Catalogs.</subfield>
    <subfield code="2">fast</subfield>
    <subfield code="0">(OCoLC)fst01423688</subfield>
  </datafield>
  <datafield tag="700" ind1="1" ind2=" ">
    <subfield code="a">Taymūr, Aḥmad,</subfield>
    <subfield code="d">1871-1930.</subfield>
  </datafield>
  <datafield tag="776" ind1="0" ind2="8">
    <subfield code="i">Online version:</subfield>
    <subfield code="a">Cairo (Egypt). Dār al-Kutub al-Miṣrīyah. al-Khizānah al-Taymūrīyah.</subfield>
    <subfield code="t">Fihris al-Khizānah al-Taymūrīyah.</subfield>
    <subfield code="d">al-Qāhirah : Maṭbaʻat Dār al-Kutub al-Miṣrīyah, 1948-</subfield>
    <subfield code="w">(OCoLC)644025859</subfield>
  </datafield>
  <datafield tag="880" ind1="1" ind2="0">
    <subfield code="6">245-01/r</subfield>
    <subfield code="a">فهرس الخزانة التيمورية.</subfield>
  </datafield>
  <datafield tag="880" ind1=" " ind2=" ">
    <subfield code="6">260-00/r</subfield>
    <subfield code="a">القاهرة :</subfield>
    <subfield code="b">دار الكتب المصرية،</subfield>
    <subfield code="c">١٩٥٠-١٩٤٨.</subfield>
  </datafield>
  <datafield tag="880" ind1="1" ind2=" ">
    <subfield code="6">700-00/r</subfield>
    <subfield code="a">دار الكتب المصرية.</subfield>
    <subfield code="b">الخزانة التيمورية.</subfield>
  </datafield>
  <datafield tag="955" ind1=" " ind2=" ">
    <subfield code="b">0043219802</subfield>
    <subfield code="d">glx</subfield>
    <subfield code="e">Z7502.A6 C3</subfield>
    <subfield code="v">v.3</subfield>
  </datafield>
</record>
</collection>